@online{
	wiki:sicurezza,
	editor = {Wikipedia},
	title = {Sicurezza},
	year = {2015},
	url = {http://it.wikipedia.org/wiki/Sicurezza},
}
@online{
	wiki:vigilanza,
	editor = {Wikipedia},
	title = {Vigilanza Privata},
	year = {2015},
	url = {http://it.wikipedia.org/wiki/Vigilanza_privata},
}
@online{
	lis:chisiamo,
	editor = {LIS s.r.l.},
	title = {LIS, Chi Siamo},
	year = {2015},
	url = {http://www.lis-srl.it/chi-siamo.asp},
}
@online{
	dallmeier:premote,
	editor = {Dallmeier},
	title = {PRemote-HD},
	year = {2015},
	url = {http://www.dallmeier.com/fileadmin/user_upload/upload_dallmeier.com/PDFs/Downloads/Broschures/PRemote-Handout_en.pdf},
}